<?xml version='1.0' encoding='utf-8'?>
<record xmlns="http://www.loc.gov/MARC21/slim" xmlns:xsi="http://www.w3.org/2001/XMLSchema-instance" xsi:schemaLocation="http://www.loc.gov/MARC21/slim http://www.loc.gov/standards/marcxml/schema/MARC21slim.xsd">
  <leader>00000npca 2200349za 4500</leader>
  <controlfield tag="005">20140218093941.0</controlfield>
  <controlfield tag="008">020521i19932008miu                 eng d</controlfield>
  <datafield tag="035" ind1=" " ind2=" ">
    <subfield code="a">(OCoLC)ocm77833833</subfield>
  </datafield>
  <datafield tag="040" ind1=" " ind2=" ">
    <subfield code="a">MiU-H</subfield>
    <subfield code="c">MiU-H</subfield>
    <subfield code="e">appm</subfield>
  </datafield>
  <datafield tag="110" ind1="2" ind2=" ">
    <subfield code="a">Washtenaw Rainbow Action Project.</subfield>
  </datafield>
  <datafield tag="245" ind1="1" ind2="0">
    <subfield code="a">Washtenaw Rainbow Action Project records,</subfield>
    <subfield code="f">1993-2008.</subfield>
  </datafield>
  <datafield tag="300" ind1=" " ind2=" ">
    <subfield code="a">16.5 linear feet.</subfield>
  </datafield>
  <datafield tag="545" ind1="1" ind2=" ">
    <subfield code="a">Founded in 1995, the political action group Washtenaw Rainbow Action Project (WRAP) was an outgrowth of an earlier organization, the Ann Arbor/Washtenaw County chapter of the Michigan Campaign for Human Dignity. This organization server as a resource center for LGBTQA groups of Washtenaw County, as well as working on events and projects to benefit this community.</subfield>
  </datafield>
  <datafield tag="545" ind1="1" ind2=" ">
    <subfield code="b">The statewide organization of the Michigan Campaign for Human Dignity was established to enlist opposition to a state ballot initiative that would deny equal discrimination protection to gay men and lesbians. After the initiative failed, members of the Washtenaw MCHD then decided to focus their attention on grassroot work within Washtenaw County, devoting themselves to</subfield>
  </datafield>
  <datafield tag="545" ind1="1" ind2=" ">
    <subfield code="b">increased visibility and acceptance and appreciation of the lesbian/gay/bisexual and transgender community through education and political action. To this end, they formed a new political action group, the Washtenaw Rainbow Action Project. In december 2010, WRAP changed its name to the Jim Toy Community Center.</subfield>
  </datafield>
  <datafield tag="520" ind1="2" ind2=" ">
    <subfield code="a">Records are arranged into two subgroups: 2001 Accession and 2013 Accession. The 2001 Accession records include documents from the Washtenaw County/Chapter of Michigan Campaign for Human Dignity; minutes of meetings, print-outs of electronic communications and other administrative files; records pertaining to education and outreach efforts, such as the Gay, Lesbian, Straight Education Network (GLSEN), and the Rainbow Oasis Center; also files detailing political action events, including National Coming Out Day. The 2013 Accession records include documents pertaining to administrative functions, finances, events and projects. The bulk of these materials are meeting agenda, meeting minutes, and print-outs of e-mail communications. There are also 11 volumes of the WRAP-UP newsletter.</subfield>
  </datafield>
  <datafield tag="555" ind1="0" ind2=" ">
    <subfield code="a">Finding aid in the library.</subfield>
  </datafield>
  <datafield tag="500" ind1=" " ind2=" ">
    <subfield code="a">Donor: 9143</subfield>
  </datafield>
  <datafield tag="555" ind1="0" ind2=" ">
    <subfield code="a">Finding aid available via World Wide Web at URL: http://quod.lib.umich.edu/cgi/f/findaid/findaid-idx?c=bhlead&amp;idno=umich-bhl-0268</subfield>
  </datafield>
  <datafield tag="610" ind1="2" ind2="0">
    <subfield code="a">Boy Scouts of America.</subfield>
  </datafield>
  <datafield tag="610" ind1="2" ind2="0">
    <subfield code="a">Gay, Lesbian, and Straight Education Network.</subfield>
  </datafield>
  <datafield tag="610" ind1="2" ind2="0">
    <subfield code="a">Human Rigths Campaign (U.S.)</subfield>
  </datafield>
  <datafield tag="610" ind1="2" ind2="0">
    <subfield code="a">Jim Toy Community Center.</subfield>
  </datafield>
  <datafield tag="610" ind1="2" ind2="0">
    <subfield code="a">Michigan Campaign for Human Dignity.</subfield>
    <subfield code="b">Washtenaw County chapter.</subfield>
  </datafield>
  <datafield tag="610" ind1="2" ind2="0">
    <subfield code="a">Rainbow Oasis Center.</subfield>
  </datafield>
  <datafield tag="610" ind1="2" ind2="0">
    <subfield code="a">United Way of America.</subfield>
  </datafield>
  <datafield tag="610" ind1="2" ind2="0">
    <subfield code="a">Washtenaw Rainbow Action Project.</subfield>
  </datafield>
  <datafield tag="650" ind1=" " ind2="0">
    <subfield code="a">Coming out (Sexual orientation)</subfield>
    <subfield code="z">Michigan</subfield>
    <subfield code="z">Washtenaw County.</subfield>
  </datafield>
  <datafield tag="650" ind1=" " ind2="0">
    <subfield code="a">Gay rights</subfield>
    <subfield code="z">Michigan</subfield>
    <subfield code="z">Washtenaw County.</subfield>
  </datafield>
  <datafield tag="650" ind1=" " ind2="0">
    <subfield code="a">Gays</subfield>
    <subfield code="x">Legal status, laws, etc.</subfield>
    <subfield code="z">Michigan</subfield>
    <subfield code="z">Washtenaw County.</subfield>
  </datafield>
  <datafield tag="852" ind1=" " ind2=" ">
    <subfield code="b">Bentley Historical Library,</subfield>
    <subfield code="a">University of Michigan,</subfield>
    <subfield code="e">Ann Arbor, Michigan 48109-2113</subfield>
  </datafield>
  <datafield tag="856" ind1="4" ind2="2">
    <subfield code="3">Finding aid:</subfield>
    <subfield code="u">http://quod.lib.umich.edu/cgi/f/findaid/findaid-idx?c=bhlead&amp;idno=umich-bhl-0268</subfield>
  </datafield>
  <datafield tag="997" ind1=" " ind2=" ">
    <subfield code="a">MARS</subfield>
  </datafield>
  <datafield tag="998" ind1=" " ind2=" ">
    <subfield code="c">TEP</subfield>
  </datafield>
</record>
